%% This BibTeX bibliography file was created using BibDesk.
%% http://bibdesk.sourceforge.net/


%% Created for Bret Comnes at 2014-05-25 21:22:48 -0700 


%% Saved with string encoding Unicode (UTF-8) 



@book{tem,
	Author = {D. Williams, C. Carter},
	Date-Added = {2014-05-25 21:17:45 -0700},
	Date-Modified = {2014-05-25 21:18:38 -0700},
	Publisher = {Springer},
	Title = {Transmission Electron Microscopy},
	Year = {2009}}

@webpage{wikibragg,
	Date-Added = {2014-05-25 17:56:17 -0700},
	Date-Modified = {2014-05-25 17:58:27 -0700},
	Howpublished = {\url{http://en.wikipedia.org/wiki/Bragg%27s_law}},
	Title = {Bragg's Law},
	Url = {http://en.wikipedia.org/wiki/Bragg%27s_law},
	Year = {2014}}

@webpage{imagejs,
Date-Added = {2014-05-25 17:56:17 -0700},
Date-Modified = {2014-05-25 17:58:27 -0700},
Howpublished = {\url{http://imagej.nih.gov/ij/}},
Title = {ImageJ},
Url = {http://imagej.nih.gov/ij/},
Year = {2014}}

@article{aluminum,
	Author = {Downs, R.T., Hall-Wallace, M.},
	Date-Added = {2014-05-23 11:33:08 -0700},
	Date-Modified = {2014-05-25 17:59:25 -0700},
	Howpublished = {\url{http://rruff.geo.arizona.edu/AMS/amcsd.php}},
	Journal = {American Mineralogist},
	Number = {88},
	Title = {The American Mineralogist Crystal Structure Database},
	Url = {http://rruff.geo.arizona.edu/AMS/amcsd.php},
	Volume = {247-250},
	Year = {2003}}

@webpage{diffraction,
	Date-Added = {2014-05-25 17:56:17 -0700},
	Date-Modified = {2014-05-25 17:58:27 -0700},
	Howpublished = {\url{http://www.matter.org.uk/diffraction/}},
	Title = {Matter.org: Diffraction},
	Url = {http://www.matter.org.uk/diffraction/},
	Year = {2014},
	Author = {Peter Goodhew}}

@webpage{viz,
	Date-Added = {2014-05-25 17:56:17 -0700},
	Date-Modified = {2014-05-25 17:58:27 -0700},
	Howpublished = {\url{http:/newton.umsl.edu/run//nano/known.html}},
	Title = {jMol series: silicon diffraction},
	Url = {http:/newton.umsl.edu/run//nano/known.html},
	Year = {2014},
	Author = {Peter Goodhew}