%% This BibTeX bibliography file was created using BibDesk.
%% http://bibdesk.sourceforge.net/


%% Created for Bret Comnes at 2014-05-23 11:33:32 -0700 


%% Saved with string encoding Unicode (UTF-8) 



@webpage{ft,
	Date-Added = {2014-05-23 11:33:08 -0700},
	Date-Modified = {2014-05-23 11:33:32 -0700},
	Url = {http://fityk.nieto.pl/}}

@webpage{Hb,
	Date-Added = {2014-05-23 11:27:26 -0700},
	Date-Modified = {2014-05-23 11:28:00 -0700},
	Url = {http://brew.sh/},
	Year = {2014}}

@booklet{Gil:02,
	Address = {Haifa, Israel},
	Author = {Joseph (Yossi) Gil},
	Howpublished = {manuscript},
	Title = {{\LaTeXe} for Graduate Students},
	Year = {2002}}
